@TECHREPORT{bib:tmdoc,
  Author = 	{Terry L. Anderson}, 
  Title = 	{Using the \LaTeX\ Document Style {\bf tm.sty}},
  Institution = bl,
  Year = 	{1989},
  Type = 	{Technical Memorandum},
  Number = 	{59114-890130-01TMS},
  month = 	{February}
}
@BOOK{bib:blstyle,
  Author = 	{April Cormaci and Richard Trenner},
  Title =	{The Bell Labs Style Guide},
  Publisher =	{AT\&T Bell Laboratories, Kelly Education and Training Center},
  Year =	{1988},
  Month = 	{February}
}
@BOOK{bib:latex,
  Author = 	{Leslie Lamport},
  Title =	{\LaTeX : A Document Preparation System},
  Publisher =	{Addison-Wesley},
  Address =	{Reading, MA},
  Year =	{1986}
}
@TECHREPORT{bib:mm,
  Author =	{D. W. Smith and J. R. Mashey and E. C. Pariser
		 and N. W. Smith},
  Title =	{MM -- Memorandum Macros},
  Institution =	bl,
  Year =	{1980},
  Type =	{UNIX Document},
  Number =	{1098}
}
@TECHREPORT{bib:mm2,
  Author =	{AT\&T},
  Title =	{UNIX System Document Processing Guide},
  Institution =	bl,
  Year =	{1986},
  Type =	{UNIX Document}
}
@BOOK{bib:texbook,
  Author = 	{Donald E. Knuth},
  Title =	{The \TeX book},
  Publisher =	{Addison-Wesley},
  Address =	{Reading, MA},
  Year =	{1986}
}
@TECHREPORT{bib:manpagesty,
  Author = 	{Terry L. Anderson}, 
  Title = 	{A \LaTeX\ Sytle for UNIX Man Pages},
  Institution = bl,
  Year = 	{1990},
  Type = 	{Internal Memorandum},
  Number = 	{59114-901025-021IMS},
  month = 	{October}
}
@TECHREPORT{bib:manpagestd,
  Author = 	{M. E. Pasternak},
  Title = 	{Manual Page Standards},
  Institution = bl,
  Year = 	{1987},
  Type = 	{Internal Memorandum},
  Number = 	{55513-870219-021IM},
  month = 	{February}
}
@TECHREPORT{bib:lclocal,
  Author = 	{Terry L. Anderson},
  Title = 	{Using \LaTeX\ at AT\&T LC 59112, 59114; 
		 For \LaTeX\ Version 2.09},
  Institution = bl,
  Year = 	{1990},
  Type = 	{Unpublished Internal Memorandum},
  month = 	{May}
}
