%%%%%%%%%%%%%%%%%%%%%%%%%%%%%%%%%%%%%%%%%%%%%%%%%%%%%%%%%%%%%%%%%%%%%%%%%%%%
% TEST.BIB						    July 1990      %
%                                                                          %
% This file is part of the AMS-LaTeX Version 1.0 distribution              %
%   American Mathematical Society, Technical Support Group,                %
%   P. O. Box 6248, Providence, RI 02940                                   %
%   800-321-4AMS (321-4267) or 401-455-4080                                %
%   Internet: Tech-Support@Math.AMS.com                                    %
%%%%%%%%%%%%%%%%%%%%%%%%%%%%%%%%%%%%%%%%%%%%%%%%%%%%%%%%%%%%%%%%%%%%%%%%%%%%
@ARTICLE{vdo:prob11,
 author={E. K. van Douwen},
 title={Problem $11$},
 journal={Topology Proc.},
 volume=6,
 year=1981,
 pages="443",
}

@INCOLLECTION{vdo:inttop,
 author={E. K. van Douwen},
 title={The Integers and Topology},
 booktitle={Handbook of Set Theoretic Topology},
 editor={K. Kunen and J. E. Vaughan},
 publisher={North-Holland},
 address={Amsterdam},
 year=1984,
 pages="111--167",
}

@ARTICLE{ven:cofam,
 author={F. van Engelen},
 title={Cofinal Families of Compacta in Separable Metric Spaces},
 journal={Proc. Amer. Math. Soc.},
 volume=104,
 year=1988,
 pages="1271--1273",
}

@BOOK{fre:martinax,
 author={D. H. Fremlin},
 title={Consequences of {M}artin's Axiom},
 publisher={Cambridge Univ. Press},
 address={Cambridge},
 year=1984,
}

@INPROCEEDINGS{he:cosub,
 author={S. H. Hechler},
 title={On the Existence of Certain Cofinal Subsets of $\omega^\omega$},
 booktitle={Axiomatic Set Theory},
 editor={T. J. Jech},
 series={Proc. Symp. Pure Math.},
 volume=13,
 publisher={Amer. Math. Soc., Providence, R.I.},
 year=1974,
 pages="155--173",
 note="Part 2",
}

@BOOK{je:settheory,
 author={T. J. Jech},
 title={Set Theory},
 publisher={Academic Press},
 year=1978,
}

@ARTICLE{kelouwoo:sigmai,
 author={A. S. Kechris and A.  Louveau and W. H. Woodin},
 title={The Structure of $\sigma$-Ideals of Compact Sets},
 journal={Trans. Amer. Math. Soc.},
 volume=301,
 year=1987,
 pages="263--288",
}

@ARTICLE{maso:internalcohen,
 author={D. A. Martin and R. M. Solovay},
 title={Internal {C}ohen Extensions},
 journal={Annals Math. Logic},
 volume=2,
 year=1970,
 pages="143--178",
}

@BOOK{mo:descrset,
 author={Y. N. Moschovakis},
 title={Descriptive Set Theory},
 publisher={North-Holland},
 address={Amsterdam},
 year=1980,
}


@ARTICLE{adarkrei:schur-tak,
author={V. M. Adamjan and D. Z. Arov and M. G. Krein},
title={Analytic Properties of {S}chmidt Pairs for a {H}ankel Operator and the
Generalized {S}chur-{T}akagi Problem}, 
journal={Math. USSR Sbornik},
volume=15,
year=1971,
pages="31--73",
}

@incollection{da:opmatrix,
author={C. Davis},
title={A Factorization of an Arbitrary $m\times n$ Contractive Operator Matrix},
booktitle={Toeplitz Centennial},
editor={Israel Gohberg},
series={Operator Theory: Advances and Applications},
volume=4,
year=1982,
publisher={Birkhauser},
pages={217--232},
}

@ARTICLE{dakawei:npdilations,
author={C. Davis and W. M. Kahan and H. F. Weinberger},
title={Norm-preserving Dilations and their Applications
to Optimal Error Bounds}, 
journal={SIAM J. Numerical Anal.}, 
volume=19,
year=1982,
pages="445--469",
}

@ARTICLE{dygo:maxentropy,
author={H. Dym and I. Gohberg},
title={A Maximum Entropy Principle for Contractive Interpolants},
journal={J. Functional Analysis},
volume=65,
year=1986,
pages="83--125",
}

@ARTICLE{fofra:redheffer,
author={C. Foias and A. Frazho},
title={{R}edheffer Products and Lifting Contractions on {H}ilbert Space},
journal={J. Operator Theory},
volume=11,
year=1984,
pages="193--196",
}

@MISC{fota:4blockop,
author={C. Foias and A. Tannenbaum},
title={On the Singular Values of the Four Block Operator and Certain
Generalized Interpolation Problems}, 
note={invited paper for a volume
dedicated to Professor Mischa Cotlar on his seventy-fifth birthday}, 
year=1988,
}

@BOOK{fra:control,
author={B. A. Francis}, 
title={A Course in $\Scr{H}_\infty$ Control Theory}, 
series={Lecture Notes in Control and Information Sciences}, 
volume=88, 
publisher={Springer-Verlag},
year=1987,
}

@ARTICLE{pa:quotnorm,
author={S. Parrott},
title={On the Quotient Norm and the {S}z.~{N}agy-{F}oias Lifting Theorem},
journal={J. Functional Analysis},
volume=30,
year=1978,
pages="311--328",
}

@BOOK{sznafo:harmonic,
author={B. Sz.-Nagy and C. Foias},
title={Harmonic Analysis of Operators on {H}ilbert Space},
publisher={North-Holland},
year=1970,
}

@INPROCEEDINGS{fi:heattransfer,
author={Bruce A. Finlayson},
title={Variational Principles for Heat Transfer},
booktitle={Numerical Properties and Methodologies in Heat Transfer},
address={Proc. Second Nat. Sympos., College Park, Md., 1981},
editor={T. M. Shih},
publisher={Hemisphere, Washington, D. C.},
year={1983},
pages={17--31},
}

@ARTICLE{fri:ausdruckes,
author={Kurt O. Friedrichs},
title={Ein {V}erfahren der {V}ariationsrechnung das {M}inimum
eines {I}ntegrals als das {M}aximum eines anderen {A}usdruckes
darzustellen},
journal={Nachr. Ges. Wiss. G{\"o}ttingen Math.-Phys. Kl.},
volume={1929},
pages={13--20},
}

@ARTICLE{fri:spektraltheorie,
author={Kurt O. Friedrichs},
title={{S}pektraltheorie halbbeschr{\"a}nkter {O}peratoren und {A}nwendung
auf die {S}pektralzerlegung von {D}ifferentialoperatoren, {I}, {II}},
journal={Math. Ann.},
volume=109,
year=1934,
pages={465--487, 685--713},
}

@ARTICLE{gapo:Bposdef,
author={V. S. Gamidov and A. A. Popova},
title={A Variational Problem for $B$-Positive-Definite Operators},
language={Russian},
journal={R. Zh. Mat.},
volume=1980,
number={7{\cy B}259},
note={Manuscript No. 1276-80, deposited at VINITI, 1980},
}

@BOOK{gefo:calcvar,
author={I. M. Gel$'$fand and S. V. Fomin},
title={Calculus of Variations},
publisher={Fizmatgiz},
address={Moscow},
year=1961,
note={English transl., Prentice-Hall, Englewood Cliffs, N. J., 1963},
}

@BOOK{geshi:genfunctions,
author={I. M. Gel$'$fand and G. E. Shilov},
title={Generalized Functions, vol.~2, Spaces of Test Functions},
publisher={Fizmatgiz},
address={Moscow},
year=1958,
note={English transls., Academic Press, 1968;
Gordon and Breach, 1968},
language={Russian},
}

@ARTICLE{vhe:wirkung,
author={H. von Helmholtz},
title={{\"U}ber die physikalische {B}edeutung des {P}rincips der kleinsten
{W}irkung},
journal={J. Reine Angew. Math.},
volume=100,
year=1887,
pages={133--166, 213--222},
}

@ARTICLE{dihe:newdir,
author={W. Diffie and E. Hellman},
title={New Directions in Cryptography},
journal={IEEE Transactions on Information Theory},
volume=22,
number=5,
month=nov,
year=1976,
pages={644--654},
}

@INPROCEEDINGS{imlelu:oneway,
author={R. Impagliazzo and L. Levin and M. Luby},
title={Pseudo-Random Generation from One-Way Functions},
booktitle={Proc. 21st STOC (1989)},
publisher={ACM, New York},
pages={12--24},
}

@MISC{moad:quadpro,
author={R. D. Monteiro and I. Adler},
title={Interior Path Following Primal-dual Algorithms,
        Part {II}: Quadratic Programming},
note={Working paper, Dept. of Industrial Engineering and
 Operations Research},
publisher={Univ. California-Berkeley},
address={Berkeley, Calif.},
month=aug,
year={1987},
}

@PHDTHESIS{ye:intalg,
author={Y. Ye},
title={Interior Algorithms for Linear, Quadratic and
 Linearly Constrained Convex Programming},
school={Stanford Univ.},
address={Palo Alto, Calif.},
month=jul,
note={Dept. of Engineering--Economic Systems, unpublished},
year={1987},
}
     
@TECHREPORT{komiyo:lincomp,
author={M. Kojima and S. Mizuno and A. Yoshise},
title={A Polynomial-Time Algorithm for a Class
of Linear Complementarity Problems},
number={B-193},
note={Dept. of Information Sciences},
institution={Tokyo Inst. of Technology},
address={Tokyo},
year={1987},
}

@TECHREPORT{miyoki:lincomp,
author={S. Mizuno and A. Yoshise and T. Kikuchi},
title={Practical Polynomial Time Algorithms for Linear
Complementarity Problems},
institution={Tokyo Inst. of Technology},
address={Tokyo},
month=apr,
year={1988},
note={Dept. of Industrial Engineering and Management},
number={13},
}

@TECHREPORT{komiyo:unipfunc,
author={M. Kojima and S. Mizuno and A. Yoshise},
title={A New Continuation Method for Complementarity
Problems with Uniform P-Functions},
number={B-194},
institution={Tokyo Inst. of Technology},
address={Tokyo},
year={1987},
note={Dept. of Information Sciences},
}

@BOOK{ste:sint,
author={E. M. Stein},
title={Singular Integrals and Differentiability
Properties of Functions},
publisher={Princeton Univ. Press},
address={Princeton, N.J.},
year={1970},
}

@ARTICLE{liuchow:formalsum,
author={C. J. Liu and Yutze Chow},
title={On Operator and Formal Sum Methods for Graph Enumeration Problems},
journal={SIAM J. Algorithms Discrete Methods},
volume={5},
year={1984},
pages={384--438},
}

@BOOK{hapa:graphenum,
author={F. Harary and E. M. Palmer},
title={Graphical Enumeration},
publisher={Academic Press},
year={1973},
}

@ARTICLE{gouja:lagrmeth,
author={I. P. Goulden and D. M. Jackson},
title={The Enumeration of Directed Closed {E}uler Trails
and Directed {H}amiltonian Circuits by {L}angrangian Methods},
journal={European J. Combin.},
volume={2},
year={1981},
pages={131--212},
}

@ARTICLE{mami:matrixth,
author={M. Marcus and H. Ming},
title={A Survey of Matrix Theory and Matrix Inequalities},
journal={Complementary Series in Math.},
volume={14},
year={1964},
pages={21--48},
}

@ARTICLE{ry:matcomb,
author={H. J. Ryser},
title={Matrices with Integer Elements in
Combinatorial Investigations},
journal={Amer. J. Math.},
volume={74},
year={1952},
pages={769--796},
}

@ARTICLE{baula:itperf,
author={J. Baumgartner and R. Laver},
title={Iterated Perfect Set Forcing},
journal={Ann. Math. Logic},
volume={17},
year={1979},
pages={271--288},
}

@ARTICLE{mi:mapRR,
author={A. W. Miller},
title={Mapping a Set of Reals onto the Reals},
journal={J. Symbolic Logic},
volume={48},
year={1983},
pages={575--584},
}

@INPROCEEDINGS{sa:forcing,
author={G. E. Sacks},
title={Forcing with Perfect Closed Sets},
booktitle={Axiomatic Set Theory},
editor={D. Scott},
series={Proc. Sympos. Pure Math.},
volume={13, part 2},
publisher={Amer. Math. Soc.},
address={Providence, R.I.},
year={1971},
pages={331--355},
}

@BOOK{she:pforcing,
author={S. Shelah},
title={Proper Forcing},
series={Lecture Notes in Math.},
volume={940},
publisher={Springer-Verlag},
year={1982},
}

@ARTICLE{sie:nonvar,
author={W. Sierpi\`nski},
title={Sur la non-variance topologique de la
propri\'et\'e $\lambda'$},
journal={Fund. Math.},
volume={33},
year={1945},
pages={264--268},
}

@MISC{fre:cichon,
author={D. H. Fremlin},
title={Cichon's Diagram},
note={presented at the
S{\'e}minaire Initiation {\`a} l'Analyse, G. Choquet, 
M. Rogalski, J. Saint Raymond,
at the Universit{\'e} Pierre et Marie Curie, Paris, 23e ann{\'e}e},
year={1983/1984},
number={5},
}

